@article{soetedjo2013combining,
  title={Combining Web SCADA Software and Matlab-Simulink for Studying Wind-PV-Battery Power Systems},
  author={Soetedjo, Aryuanto and Lomi, Abraham and Nakhoda, Yusuf Ismail and Tosadu, Yohan Pramono},
  journal={ARv},
  volume={2},
  number={2},
  pages={1},
  year={2013}
}

@article{singh2014simulation,
  title={Simulation for wind turbine generators--with FAST and MATLAB-simulink modules},
  author={Singh, Mohit and Muljadi, E and Jonkman, J and Gevorgian, V and Girsang, I and Dhupia, J},
  year={2014},
  institution={National Renewable Energy Laboratory (NREL), Golden, CO.}
}

@article{qblade,
author = {Marten, David and Peukert, Juliane and Pechlivanoglou, Georgios and Nayeri, Christian and Paschereit, Christian},
year = {2013},
month = {03},
pages = {264-269},
title = {QBLADE: An Open Source Tool for Design and Simulation of Horizontal and Vertical Axis Wind Turbines},
volume = {3},
booktitle = {International Journal of Emerging Technology and Advanced Engineering}
}

@ONLINE{windy,
author = {Ivo Lukacovic},
title = {Wind Map and Weather Forecast},
month = Okt.,
year = {2017},
url = {https://www.windy.com/}
}