@Article{precedence_automata,
author = {Violetta Lonati and Dino Mandrioli and Matteo Pradella},
title = {Precedence Automata and Languages},
journal = {Computer science – theory and applications. 6th international computer science symposium in Russia, CSR 2011, St. Petersburg, Russia, June 14–18, 2011. Proceedings},
year = {2011},

}
@Article{mso,
author = {Violetta Lonati and Dino Mandrioli, Federica Panella and Matteo Pradella},
title = {Operator Precedence Languages: Their Automata-Theoretic and logic characterization},
journal = {SIAM Journal on Computing},
year = {2015},
OPTkey = {•},
OPTvolume = {44},
OPTnumber = {4},
OPTpages = {1026-1088},
OPTmonth = {August},
OPTnote = {•},
OPTannote = {•}
}

@Article{op_vpl_property,
author = {Stefano Crespi-Reghizzi and Dino Mandrioli},
title = {Operator precedence and the visibly pushdown property},
journal = {Journal of Computer and System Sciences},
year = {2012},
OPTkey = {•},
OPTvolume = {78},
OPTnumber = {•},
OPTpages = {1837-1867},
OPTmonth = {•},
OPTnote = {•},
OPTannote = {•}
}
@Article{algebraic_properties,
author = {Stefano Crespi-Reghizzi and Dino Mandrioli and David F. Martin},
title = {Algebraic Properties of Operator Precedence Languages},
journal = {Information and control},
year = {1978},
OPTkey = {•},
OPTvolume = {37},
OPTnumber = {•},
OPTpages = {115-133},
OPTmonth = {•},
OPTnote = {•},
OPTannote = {•}
}

@Article{vpl,
author = {Rajeev Alur and P.Madhusudan},
title = {Visibly Pushdown Languages},
journal = {ACM Symposium on Theory of Computing},
year = {2004},
OPTkey = {•},
OPTvolume = {•},
OPTnumber = {•},
OPTpages = {202-211},
OPTmonth = {•},
OPTnote = {•},
OPTannote = {•}
}
@Article{modelchecking, 
author = {Michele Chiari and Dino Mandrioli and Matteo Pradella},
title = {Temporal Logic and Model Checking for Operator Precedence Languages},
journal = {9th Symposium on Games, Automata, Logics and Formal Verification},
year = {2018},
OPTkey = {•},
OPTvolume = {•},
OPTnumber = {•},
OPTpages = {•},
OPTmonth = {•},
OPTnote = {•},
OPTannote = {•}
}
@Article{old_app,
author = {Stefano Crespi Reghizzi and Dino Mandrioli},
title = {Algebraic properties of structured context-free languages: old approaches and novel developments},
journal = {WORDS},
year = {2009},
OPTkey = {•},
OPTvolume = {•},
OPTnumber = {•},
OPTpages = {•},
OPTmonth = {Oktober},
OPTnote = {•},
OPTannote = {•}
}
@Article{floyd_original,
author = {Robert W. Floyd},
title = {Syntactic Analysis and Operator Precedence},
journal = {Journal of the ACM},
year = {1963},
OPTkey = {•},
OPTvolume = {•},
OPTnumber = {•},
OPTpages = {316-333},
OPTmonth = {July},
OPTnote = {•},
OPTannote = {•}
}
@book{og,
author = {Michael A. Harrison},
title = {Introduction to Formal Language Theory},
publisher = {Addison-Wesley Longman Publishing Co},
year = {1978},
OPTkey = {•},
OPTvolume = {•},
OPTnumber = {0201029553},
OPTseries = {•},
OPTaddress = {•},
OPTedition = {1},
OPTmonth = {•},
OPTnote = {•},
OPTannote = {•}
}
@book{salomaa1973formal,
  title={Formal Languages},
  author={Salomaa, A.},
  lccn={10007898},
  series={Acm monograph series},
  url={https://books.google.de/books?id=C2XqswEACAAJ},
  year={1973},
  publisher={Academic Press}
}
@Book{formallanguage,
author= {John Hopcroft and Jeffrey Ullman},
title = {Introduction to AUtomata and Formal Languages},
publisher = {Addison-Wesley},
year = {1979},
OPTkey = {•},
OPTvolume = {•},
OPTnumber = {•},
OPTseries = {•},
OPTaddress = {•},
OPTedition = {•},
OPTmonth = {•},
OPTnote = {•},
OPTannote = {•}
}
@article{McNaughton,
 author = {McNaughton, Robert},
 title = {Parenthesis Grammars},
 journal = {J. ACM},
 issue_date = {July 1967},
 volume = {14},
 number = {3},
 month = jul,
 year = {1967},
 issn = {0004-5411},
 pages = {490--500},
 numpages = {11},
 url = {http://doi.acm.org/10.1145/321406.321411},
 doi = {10.1145/321406.321411},
 acmid = {321411},
 publisher = {ACM},
 address = {New York, NY, USA},
} 




