





@article{doi:10.1137/140978818,
author = {Lonati, V. and Mandrioli, D. and Panella, F. and Pradella, M.},
title = {Operator Precedence Languages: Their Automata-Theoretic and Logic Characterization},
journal = {SIAM Journal on Computing},
volume = {44},
number = {4},
pages = {1026-1088},
year = {2015},
doi = {10.1137/140978818},

URL = { 
        https://doi.org/10.1137/140978818
    
},
eprint = { 
        https://doi.org/10.1137/140978818
    
}

}


